<?xml version="1.0" encoding="UTF-8"?><collection xmlns="http://www.loc.gov/MARC21/slim"><record><leader>00359nam--2200121-i-4500</leader><controlfield tag="001">000012320</controlfield><controlfield tag="002">20161230</controlfield><controlfield tag="005">20161230201029</controlfield><controlfield tag="008">060222s1000------------r-----000-0-eng-d</controlfield><datafield ind1=" " ind2=" " tag="080"><subfield code="a">543.76.027:620.039.85:616-07</subfield></datafield><datafield ind1=" " ind2=" " tag="245"><subfield code="a">Chrom-51 in der nuklearmedizin</subfield></datafield><datafield ind1=" " ind2=" " tag="260"><subfield code="a">Dresden, Zentralinstitut Fur Kernferschunghar Radioaktive Praparate, 1976. 24 P</subfield></datafield><datafield ind1=" " ind2=" " tag="852"><subfield code="a">45255</subfield></datafield></record></collection>